@article{He2016DeepRL,
  title={Deep Residual Learning for Image Recognition},
  author={Kaiming He and Xiangyu Zhang and Shaoqing Ren and Jian Sun},
  journal={2016 IEEE Conference on Computer Vision and Pattern Recognition (CVPR)},
  year={2016},
  pages={770-778}
}

@inproceedings{Trask2018NeuralAL,
  title={Neural Arithmetic Logic Units},
  author={Andrew Trask and Felix Hill and Scott E. Reed and Jack W. Rae and Chris Dyer and Phil Blunsom},
  booktitle={NeurIPS},
  year={2018}
}


@inproceedings{Krizhevsky2012ImageNetCW,
  title={ImageNet Classification with Deep Convolutional Neural Networks},
  author={Alex Krizhevsky and Ilya Sutskever and Geoffrey E. Hinton},
  booktitle={NIPS},
  year={2012}
}

@inproceedings{Rumelhart1986LearningIR,
  title={Learning internal representations by error propagation},
  author={David E. Rumelhart and Geoffrey E. Hinton and Ronald J. Williams},
  year={1986}
}

@inproceedings{Han1995TheIO,
  title={The Influence of the Sigmoid Function Parameters on the Speed of Backpropagation Learning},
  author={Jun Han and Claudio Moraga},
  booktitle={IWANN},
  year={1995}
}

@article{Bengio1994LearningLD,
  title={Learning long-term dependencies with gradient descent is difficult},
  author={Yoshua Bengio and Patrice Y. Simard and Paolo Frasconi},
  journal={IEEE transactions on neural networks},
  year={1994},
  volume={5 2},
  pages={
          157-66
        }
}

@inproceedings{Glorot2010UnderstandingTD,
  title={Understanding the difficulty of training deep feedforward neural networks},
  author={Xavier Glorot and Yoshua Bengio},
  booktitle={AISTATS},
  year={2010}
}

@article{Liu2019DARTSDA,
  title={DARTS: Differentiable Architecture Search},
  author={Hanxiao Liu and Karen Simonyan and Yiming Yang},
  journal={ArXiv},
  year={2019},
  volume={abs/1806.09055}
}

@article{Zoph2016NeuralAS,
  title={Neural Architecture Search with Reinforcement Learning},
  author={Barret Zoph and Quoc V. Le},
  journal={ArXiv},
  year={2016},
  volume={abs/1611.01578}
}

@article{ruder2016overview,
  title={An overview of gradient descent optimization algorithms},
  author={Ruder, Sebastian},
  journal={arXiv preprint arXiv:1609.04747},
  year={2016}
}

@inproceedings{Li2018DenselyCC,
  title={Densely Connected Convolutional Networks for Speech Recognition},
  author={Chia-Yu Li and Ngoc Thang Vu},
  booktitle={ITG Symposium on Speech Communication},
  year={2018}
}

@article{Iandola2017SqueezeNetAA,
  title={SqueezeNet: AlexNet-level accuracy with 50x fewer parameters and <1MB model size},
  author={Forrest N. Iandola and Matthew W. Moskewicz and Khalid Ashraf and Song Han and William J. Dally and Kurt Keutzer},
  journal={ArXiv},
  year={2017},
  volume={abs/1602.07360}
}

@inproceedings{Krizhevsky2009LearningML,
  title={Learning Multiple Layers of Features from Tiny Images},
  author={Alex Krizhevsky},
  year={2009}
}

@article{Xiao2017FashionMNISTAN,
  title={Fashion-MNIST: a Novel Image Dataset for Benchmarking Machine Learning Algorithms},
  author={Han Xiao and Kashif Rasul and Roland Vollgraf},
  journal={ArXiv},
  year={2017},
  volume={abs/1708.07747}
}

@inproceedings{LeCun1998GradientbasedLA,
  title={Gradient-based learning applied to document recognition},
  author={Yann LeCun and L{\'e}on Bottou and Yoshua Bengio and Patrick Haffner},
  year={1998}
}


@article{Williams1992SimpleSG,
  title={Simple Statistical Gradient-Following Algorithms for Connectionist Reinforcement Learning},
  author={Ronald J. Williams},
  journal={Machine Learning},
  year={1992},
  volume={8},
  pages={229-256}
}


@article{Bengio2013EstimatingOP,
  title={Estimating or Propagating Gradients Through Stochastic Neurons for Conditional Computation},
  author={Yoshua Bengio and Nicholas L{\'e}onard and Aaron C. Courville},
  journal={ArXiv},
  year={2013},
  volume={abs/1308.3432}
}